% Encoding: UTF-8

@InCollection{henon1976two,
  author    = {H{\'e}non, Michel},
  title     = {A two-dimensional mapping with a strange attractor},
  booktitle = {The Theory of Chaotic Attractors},
  publisher = {Springer},
  year      = {1976},
  pages     = {94--102},
}

@Comment{jabref-meta: databaseType:bibtex;}
